@online(appleNeuralEngine, 
title="Apple unleashes M1", 
url="https://www.apple.com/pl/newsroom/2020/11/apple-unleashes-m1/")